@article{vaswani-2017-attention,
  author    = {Ashish Vaswani and
               Noam Shazeer and
               Niki Parmar and
               Jakob Uszkoreit and
               Llion Jones and
               Aidan N. Gomez and
               Lukasz Kaiser and
               Illia Polosukhin},
  title     = {Attention Is All You Need},
  journal   = {CoRR},
  volume    = {abs/1706.03762},
  year      = {2017},
  url       = {http://arxiv.org/abs/1706.03762},
  archivePrefix = {arXiv},
  eprint    = {1706.03762},
  timestamp = {Sat, 23 Jan 2021 01:20:40 +0100},
  biburl    = {https://dblp.org/rec/journals/corr/VaswaniSPUJGKP17.bib},
  bibsource = {dblp computer science bibliography, https://dblp.org}
}

@article{monroe-2017-colors,
  author    = {Will Monroe and
               Robert X. D. Hawkins and
               Noah D. Goodman and
               Christopher Potts},
  title     = {Colors in Context: {A} Pragmatic Neural Model for Grounded Language
               Understanding},
  journal   = {CoRR},
  volume    = {abs/1703.10186},
  year      = {2017},
  url       = {http://arxiv.org/abs/1703.10186},
  archivePrefix = {arXiv},
  eprint    = {1703.10186},
  timestamp = {Mon, 13 Aug 2018 16:47:29 +0200},
  biburl    = {https://dblp.org/rec/journals/corr/MonroeHGP17.bib},
  bibsource = {dblp computer science bibliography, https://dblp.org}
}

@article{wolf-2019-huggingface,
  author    = {Thomas Wolf and
               Lysandre Debut and
               Victor Sanh and
               Julien Chaumond and
               Clement Delangue and
               Anthony Moi and
               Pierric Cistac and
               Tim Rault and
               R{\'{e}}mi Louf and
               Morgan Funtowicz and
               Jamie Brew},
  title     = {HuggingFace's Transformers: State-of-the-art Natural Language Processing},
  journal   = {CoRR},
  volume    = {abs/1910.03771},
  year      = {2019},
  url       = {http://arxiv.org/abs/1910.03771},
  archivePrefix = {arXiv},
  eprint    = {1910.03771},
  timestamp = {Tue, 02 Jun 2020 12:49:01 +0200},
  biburl    = {https://dblp.org/rec/journals/corr/abs-1910-03771.bib},
  bibsource = {dblp computer science bibliography, https://dblp.org}
}

@inproceedings{clark-2020-electra,
  title={ELECTRA: Pre-training Text Encoders as Discriminators Rather Than Generators},
  author={Kevin Clark and Minh-Thang Luong and Quoc V. Le and Christopher D. Manning},
  booktitle={International Conference on Learning Representations},
  year={2020},
  url={https://openreview.net/forum?id=r1xMH1BtvB}
}

@article{yang-2019-xlnet,
  author    = {Zhilin Yang and
               Zihang Dai and
               Yiming Yang and
               Jaime G. Carbonell and
               Ruslan Salakhutdinov and
               Quoc V. Le},
  title     = {XLNet: Generalized Autoregressive Pretraining for Language Understanding},
  journal   = {CoRR},
  volume    = {abs/1906.08237},
  year      = {2019},
  url       = {http://arxiv.org/abs/1906.08237},
  archivePrefix = {arXiv},
  eprint    = {1906.08237},
  timestamp = {Mon, 24 Jun 2019 17:28:45 +0200},
  biburl    = {https://dblp.org/rec/journals/corr/abs-1906-08237.bib},
  bibsource = {dblp computer science bibliography, https://dblp.org}
}

@article{sanh-2019-distilbert,
  author    = {Victor Sanh and
               Lysandre Debut and
               Julien Chaumond and
               Thomas Wolf},
  title     = {DistilBERT, a distilled version of {BERT:} smaller, faster, cheaper
               and lighter},
  journal   = {CoRR},
  volume    = {abs/1910.01108},
  year      = {2019},
  url       = {http://arxiv.org/abs/1910.01108},
  archivePrefix = {arXiv},
  eprint    = {1910.01108},
  timestamp = {Tue, 02 Jun 2020 12:48:59 +0200},
  biburl    = {https://dblp.org/rec/journals/corr/abs-1910-01108.bib},
  bibsource = {dblp computer science bibliography, https://dblp.org}
}

@article{liu-2019-roberta,
  author    = {Yinhan Liu and
               Myle Ott and
               Naman Goyal and
               Jingfei Du and
               Mandar Joshi and
               Danqi Chen and
               Omer Levy and
               Mike Lewis and
               Luke Zettlemoyer and
               Veselin Stoyanov},
  title     = {RoBERTa: {A} Robustly Optimized {BERT} Pretraining Approach},
  journal   = {CoRR},
  volume    = {abs/1907.11692},
  year      = {2019},
  url       = {http://arxiv.org/abs/1907.11692},
  archivePrefix = {arXiv},
  eprint    = {1907.11692},
  timestamp = {Thu, 01 Aug 2019 08:59:33 +0200},
  biburl    = {https://dblp.org/rec/journals/corr/abs-1907-11692.bib},
  bibsource = {dblp computer science bibliography, https://dblp.org}
}

@article{smith-2019-contextual,
  author    = {Noah A. Smith},
  title     = {Contextual Word Representations: {A} Contextual Introduction},
  journal   = {CoRR},
  volume    = {abs/1902.06006},
  year      = {2019},
  url       = {http://arxiv.org/abs/1902.06006},
  archivePrefix = {arXiv},
  eprint    = {1902.06006},
  timestamp = {Tue, 21 May 2019 18:03:37 +0200},
  biburl    = {https://dblp.org/rec/journals/corr/abs-1902-06006.bib},
  bibsource = {dblp computer science bibliography, https://dblp.org}
}